:20:1720446 
:25: PL301160
22
020000001
1111
11111 
:28C:143 
:NS:22FIRMA 1 W
ł
a
ś
ci
ciel r
a
chu
n
ku 
:NS:23Rachunek
 bie
żą
cy
 - 
KORPO
R
ACJE 
:60F:C05
0619PL
N
1000,01 
:61:0506200
620
CN100,00
NTR
F
NON
R
EF// 
PRZELEW PRZY
CHO
D
Z
Ą
CY
:86:010<00PR
Z
ELEW PRZ
Y
CH
ODZ
Ą
CY
<1005171000
01
<20PRZELEW P
R
ZY
CHO
D
Z
Ą
CY 
<21Z R-ku:78
1
0
111111000
0000
088888888 
<22ZAP
Ł
ATA Z
A
 FAK.FV 1/6/20
05 
<23Kont
y
n
u
a
cja t
y
tu
ł
u ope
racji 
<24 
<25 
<26 
<27FIRMA 2 kon
t
rahent 
<28Ulica Kw
iato
w
a
15 
<2900-001 WAR
S
ZAWA 
<3010111111 
<3100000000
88
888888 
<32FIRMA 2 
<3878101111
11
000000008
8888
888 
<63REF6006
111
111120051
7100
001 
:61:0506200
620
DN200,00
NTR
F
NON
R
EF// 
PRZELEW W
Y
CHO
D
Z
Ą
CY
:86:012<00PR
Z
ELEW W
Y
CH
OD
Z
Ą
CY
<1005171000
04
Page 6 of 8 
<20PRZELEW W
Y
CHO
D
Z
Ą
CY 
<21Na R-k:051
1
301111110
0000
000005555 
<22FIRMA 3 
<236’05 
<24FAKTURA F
K
/6/05 
<25 
<26 
<27FIRMA 3 
<28 
<29 
<3011301111 
<3111000000
00
005555 
<32 FIRMA 3 
<3805113011
11
110000000
0005
555 
<63REF6006
111
111120051
7100
002 
:61:0506190
620
CN100,01
NTR
F
NON
R
EF// 
PRZELEW ZLEC. STA
Ł
E 
:86:014<00PR
Z
ELEW ZLEC. ST
A
Ł
E 
<1005171000
01
<20PRZELEW ZLEC. STA
Ł
E 
<21Z R-ku:53
1
1
602202000
0000
061111111 
<22CZ
Y
NSZ 
<23 
<24 
<25 
<26 
<27FIRMA 4 
<2880-777 GDA
Ń
SK 
<29 
<3011602202 
<3161111111 
<32FIRMA 4 
<3853116022
02
000000006
1111
111 
<63REF6006
111
111120051
7100
003 
:61:0506200
620
CN200,00
NTR
F
NON
R
EF// 
WP
Ł
ATA 
:86:020<00WP
Ł
ATA 
<1005171000
86
<20WP
Ł
ATA 
<
21G
OT
ÓW
K
O
W
A
<22ZA ENERG
I
E 
<23 
<24 
<25 
<26 
<27KON
TRAHE
N
T 1 
<28 
<29 
<30 
Page 7 of 8 
Page 8 of 8 
<31 
<32KONTRAHENT 1  
<38 
<63REF60061111111200517100004 
:61:0506200620CN5,01NTRFNONREF// 
UZNANIE 
:86:019<00UZNANIE 
<100517100091 
<20UZNANIE 
<21KAPITALIZACJA ODS. 
<22 
<23 
<24 
<25 
<26 
<27 
<28 
<29 
<32 
<38 
<63REF60061111111200517100005 
:62F:C050620PLN1005,01 
:64:C050620PLN1005,01 
:86:Wyci
ą
g nr: 143 z dnia: 2005-
