{1:F01AAAABB99BSMK3513951576}
{2:O9400934081223BBBBAA33XXXX03592332770812230834N}
{4:
:20:0112230000000890
:25:SAKG800030155EUR
:28C:255/1
:60F:C011223EUR175768,92
:61:0112201223CD110,92SALANONREF//08 IL053309/GB/2542049/SHS/312,
:62F:C011021EUR4567,00
:20:NONREF
:25:4001400010
:28C:58/1
:60F:C140327EUR6308,75
:61:1403270327C3519,76FORX50RS201403240008//2014032100037666ABC DO BRASIL LTDA
:86:INVOICE NR. 6000012801 
ORDPRTY : ABC DO BRASIL LTDA RUA LIBERO BADARO,293-SAO 
PAULO BRAZIL }